%% This BibTeX bibliography file was created using BibDesk.
%% http://bibdesk.sourceforge.net/


%% Created for Thorsten Kober at 2015-06-01 09:31:04 +0200 


%% Saved with string encoding Unicode (UTF-8) 



@book{knuth,
	Author = {Donald Ervin Knuth},
	Date-Added = {2015-06-01 07:29:27 +0000},
	Date-Modified = {2015-06-01 07:31:02 +0000},
	Publisher = {Addison-Wesley},
	Title = {The Art of Computer Programming, Vol. III: Sorting and Searching},
	Year = {1998}}
